4109 5917
498 734 758 836 Musis
816 728 1392 827 uToNuNsus.
1467 763 1533 861 45

295 980 527 1065 ’thurea
542 974 668 1086 Virga
681 972 874 1070 Arabum,
902 975 942 1055 δι
959 968 1140 1055 florentes
1156 964 1255 1052 veris
1269 928 1467 1068 honores?
1582 1011 1584 1020 2

307 1175 557 1267 Narcissos
573 1190 812 1289 quereretur,
838 1170 1063 1255 &halantes
1081 1165 1347 1280 Hyacinthos,
1433 1176 1440 1199 ⁸

319 1382 448 1461 Nec
466 1390 626 1457 tantum
642 1368 810 1455 hamatis
828 1365 995 1453 nocuisse
1019 1322 1182 1451 Rosaria
1200 1364 1329 1481 spinis.

332 1572 492 1685 Finge
511 1572 646 1655 oculos
658 1570 790 1681 quales
808 1594 879 1651 nec
898 1585 1014 1650 acuto
1028 1572 1184 1679 Lyncea
1198 1564 1280 1648 visu

344 1766 801 1885 Serpentesvehabuisse
818 1767 964 1866 senuit,
993 1782 1194 1879 utcorpus
1213 1764 1410 1849 Arachnes
1486 1862 1489 1867 ¹

347 1944 563 2059 Viuosum
582 1967 684 2053 mua
707 1966 948 2084 stupefactus
965 1964 1137 2080 imagine
1154 1994 1300 2067 rerum,

355 2170 567 2287 spectaret
585 2168 738 2282 Sophus
761 2173 801 2253 δι
819 2184 954 2251 tenues
971 2194 1043 2251 ceu
1061 2164 1158 2249 retia
1175 2167 1281 2266 telas,
1315 2176 1318 2183 '

362 2398 532 2483 Quotve
545 2388 614 2473 sub
629 2386 767 2471 effossis
780 2379 1016 2471 animalcula
1031 2414 1153 2500 parua
1170 2383 1323 2471 latebris

365 2588 525 2676 Cascoli
537 2586 697 2703 posusre
714 2586 862 2671 larem:
890 2604 989 2697 quot
1012 2585 1138 2670 nutrit
1155 2604 1321 2685 acetum,

366 2785 704 2887 Horrcretmiser,
732 2804 1002 2899 armatamque
1017 2786 1239 2900 proboscide
1255 2786 1441 2873 muscam.
1536 2860 1543 2869 .

429 2994 523 3099 Jam
548 3016 638 3099 quae
655 2986 773 3071 Nilus
795 2986 878 3087 alit,
907 2984 1081 3073 foecundi
1098 3017 1192 3073 rura
1209 2988 1377 3103 Canopi,

370 3188 517 3287 Lustra
532 3186 666 3273 oculis.
722 3187 897 3301 Rapidos
909 3187 1011 3272 tosto
1024 3187 1094 3272 sub
1107 3188 1223 3273 fidere
1235 3190 1379 3275 Cancri

373 3388 482 3473 Sistit
505 3416 625 3500 equos
644 3387 826 3489 Phoebus,
852 3388 966 3523 ceusu
985 3390 1077 3474 cum
1095 3390 1235 3503 pascua
1262 3412 1415 3476 verrens

375 3585 554 3679 Diluvio
571 3589 701 3676 aestiva
717 3618 819 3703 vago
835 3590 979 3705 premit
1005 3591 1160 3702 agmine
1180 3598 1400 3703 Aquamm.

376 3794 473 3903 Jam
488 3818 574 3876 non
588 3792 668 3875 alta
683 3790 782 3905 petit
799 3792 953 3905 septena
970 3821 1039 3905 per
1056 3792 1155 3877 ostia
1169 3794 1332 3892 flumen,
1471 3888 1475 3904 Ι
1554 3724 1556 3731 a

378 3991 456 4077 Sed
470 3992 567 4103 tegit
585 3990 779 4106 oppressos
797 3991 897 4078 acies
915 3990 1119 4105 Neptunia
1136 4022 1308 4107 campos.

380 4210 645 4325 Exultansque
663 4210 819 4313 animis,
845 4213 986 4298 nastus
1004 4213 1133 4299 secura
1150 4218 1326 4301 Colonus
1409 4242 1416 4255 ·

382 4418 496 4515 Saxa,
521 4415 808 4530 triumphantes
824 4418 966 4501 exalto
983 4416 1140 4531 despicit
1152 4420 1290 4503 undas.

383 4612 493 4701 Hinc
509 4616 651 4733 nempd
668 4633 819 4703 arentes
834 4617 946 4705 succo
963 4616 1206 4733 pinguescere
1224 4620 1359 4723 sulcos,

1419 4828 1550 4934 Atque
