4109 5917
490 699 762 800 'M'USAE
819 678 1391 812 ETONENSES.
1435 731 1531 831 105

414 949 473 1026 Et
489 907 618 1025 Marti
635 936 811 1050 Anchrstn
829 932 1069 1048 praeposuisse
1094 931 1177 1034 suo,
1197 959 1201 966 ’

334 1143 468 1229 Diva
485 1139 641 1237 Virum,
668 1136 879 1249 pulchrum
896 1133 1007 1248 petiit
1023 1131 1286 1250 pulcherrima
1304 1139 1465 1237 Adonin,

418 1343 492 1425 Illa
508 1339 578 1423 suo
595 1337 687 1422 felix
704 1335 896 1446 Coniuge,
924 1341 964 1418 n
983 1337 1051 1417 Ille
1069 1329 1149 1420 sul.
1355 1273 1357 1278 Ι

352 1542 564 1655 Endymion
582 1535 714 1651 potuit
728 1537 839 1620 Coelo
857 1536 1045 1618 deducere
1063 1537 1235 1636 Lunam,
1289 1531 1293 1539 ’

420 1740 576 1851 Sopitus
592 1736 736 1835 vestris,
763 1737 919 1821 Latmia
932 1739 1045 1834 Saxa,
1072 1731 1186 1846 jugis,
1310 1791 1315 1798 -
1428 1735 1435 1744 '

355 1939 441 2037 Te,
469 1935 623 2049 quaefitc
639 1933 723 2034 diu,
750 1935 893 2033 Littus,
920 1939 1035 2034 Puer,
1062 1961 1181 2018 omne
1196 1933 1369 2036 sonabat,
1439 2004 1443 2013 .

422 2143 551 2249 Rapte
568 2135 670 2220 heul
697 2135 903 2220 Naiadum
917 2131 1106 2232 Crimine,
1134 2135 1295 2247 pulcher
1312 2137 1423 2249 Hyla.

363 2337 517 2450 Aspice,
546 2335 722 2420 diuturno
741 2334 886 2418 scandit
904 2333 1151 2419 ciun'Rostra
1176 2337 1369 2433 Sacerdos,

422 2536 501 2620 Cui
519 2535 618 2619 sedet
635 2535 679 2618 in
696 2535 862 2647 pulchro
878 2533 1073 2648 plurimus
1090 2559 1157 2618 ore
1176 2541 1329 2633 Decor,

365 2735 531 2821 Diversi
548 2736 626 2818 laeti
644 2734 804 2819 strident
827 2734 870 2818 in
888 2739 1001 2818 Parte
1020 2733 1188 2834 Susutai‚

422 2942 476 3020 Et
493 2935 618 3019 tacitis
636 2935 756 3018 fervet
774 2935 969 3048 plausibus
986 2934 1067 3019 ina
1091 2931 1259 3020 Dorlms.

369 3154 481 3238 Dixit
500 3155 628 3238 adhuc
644 3150 821 3265 aliquid?
848 3154 918 3238 Nil
937 3153 1038 3237 sani.
1095 3152 1203 3266 Qid
1221 3155 1346 3267 placet
1358 3163 1476 3266 ergo?

423 3355 590 3439 Pulchra
609 3353 795 3438 Hominis
812 3353 962 3466 species,
989 3356 1262 3466 Ingenuusque
1281 3361 1420 3440 Decor.

372 3555 451 3668 lpse
468 3553 624 3637 habinrs
636 3515 848 3668 gestusque,
877 3561 960 3638 Ora
979 3561 1018 3637 oc
1034 3513 1202 3670 sorinosa
1219 3556 1447 3665 loquuntur,

424 3754 571 3837 Prestat
587 3759 627 3838 u
645 3753 803 3865 Eloquii
823 3758 856 3837 F
855 3754 968 3860 orrn'a
985 3753 1145 3839 venusta
1163 3754 1298 3836 vicem.

373 3954 459 4038 Hoc
472 3955 667 4067 pandente
684 3956 838 4067 placent
855 3955 1042 4068 Mysteria
1060 3955 1217 4040 condita
1234 3954 1347 4054 Coeli,

424 4153 649 4264 Relligio&
661 4155 827 4267 pulchro
839 4156 988 4266 gratior
1000 4185 1068 4240 ore
1086 4155 1186 4240 fluit.

376 4354 430 4438 Sic
442 4354 513 4436 ubi
529 4353 717 4437 foemineo
728 4352 853 4466 viguit
870 4356 958 4438 laeta
974 4360 1116 4467 Anglia
1131 4363 1282 4466 Regno,

423 4559 508 4638 Ceu
522 4553 625 4666 viget
643 4553 832 4669 Auspiciis
851 4583 970 4654 nunc,
999 4559 1181 4654 carolina,
1208 4555 1309 4654 tuis3

1375 4753 1531 4866 Aspexit
