4109 5917
506 703 768 798 MUSAE
826 689 1429 803 ETONENSES..
1474 714 1539 838 89

346 943 460 1054 Jam
484 938 630 1022 cerebri
647 937 775 1022 nimio
790 935 837 1021 fit
853 939 952 1020 luxu
968 939 1140 1024 obtusior
1157 941 1262 1042 usus,

416 1145 476 1224 Et
493 1134 634 1252 pingui
650 1137 855 1248 ingenium
869 1167 1031 1251 corpore
1048 1138 1196 1252 pingue
1210 1144 1317 1226 latet.

350 1345 591 1424 Terrenum
604 1338 682 1452 ipse
698 1366 864 1449 gravare
876 1339 1049 1452 equitem
1066 1329 1235 1454 portare,
1251 1288 1410 1428 ¹recusat
1524 1319 1530 1328 ¹

418 1539 588 1651 Pegasus
606 1529 796 1651 ignavum
812 1541 945 1623 tollere
962 1542 1118 1654 pondus
1136 1540 1275 1626 humo.

354 1740 480 1855 Qu
497 1741 580 1850 jam
596 1739 720 1825 alium
737 1767 883 1839 censae,
910 1769 1005 1824 cum
1021 1741 1222 1828 deficiente
1239 1742 1425 1830 cmmeni

419 1940 564 2040 Esuris,
592 1947 633 2026 δι
647 1939 769 2026 reficit
786 1941 942 2026 tenuior
959 1971 1030 2026 ora
1047 1942 1167 2028 cibus.
1222 1955 1223 1960 '

359 2145 575 2225 Fermento
593 2157 711 2254 atque
726 2140 844 2226 acidis
862 2160 990 2226 mutat
1006 2142 1102 2280 ciem
1116 2146 1260 2256 pocula
1278 2129 1420 2246 Sorbis',

417 2341 554 2427 Aonia
571 2348 612 2427 δι
624 2341 707 2426 vini
717 2343 869 2454 sniimt
885 2345 995 2428 unda
1009 2343 1147 2428 vicem.

364 2543 451 2628 Aris
469 2542 640 2654 affurgit‚
673 2543 823 2627 Charta
838 2559 910 2627 eeu
927 2544 1090 2645 Milvus,
1118 2545 1162 2630 in
1175 2555 1309 2648 surm,

417 2749 473 2828 Et
485 2761 646 2827 cantans
663 2771 794 2856 penna
809 2763 976 2858 praepete
992 2745 1138 2860 spernit
1154 2746 1339 2832 humum.

363 2939 557 3029 Mirantes
572 2963 705 3028 tranat
722 2946 865 3045 Coelos,
891 2949 1059 3056 clamore
1075 2947 1254 3050 secundo,

268 3269 270 3274 Ι
403 3150 533 3273 ⁸Dum
545 3145 659 3228 vacui
672 3145 852 3230 resonant
868 3145 1044 3231 carmina
1066 3148 1208 3234 ventris
1226 3179 1338 3264 opus.

364 3347 454 3427 Hoc
473 3343 560 3428 satis
577 3349 735 3430 Henrici
750 3375 861 3430 mens
878 3347 1041 3461 provida
1058 3349 1172 3450 cavit,
1200 3357 1328 3435 Etonae

418 3545 582 3657 Ingenio
599 3547 714 3635 novit
732 3531 955 3632 consuluiffe
971 3532 1060 3633 sure.

365 3745 608 3830 Macrescunt
624 3743 735 3830 tenui
752 3739 946 3857 Juvenilia
963 3769 1127 3860 corpora
1145 3747 1266 3848 vieto,

420 3953 478 4030 Ut
495 3948 608 4060 poffit
625 3948 749 4032 menti
762 3950 906 4032 lautior
923 3947 992 4030 effe
1010 3947 1131 4042 cibus.
1264 3917 1272 3938 '

366 4156 458 4235 Non
476 4149 621 4261 patinae
638 4167 851 4233 curvantur
873 4149 987 4233 inerti
1005 4151 1176 4262 pondere
1193 4149 1332 4248 carnis,

416 4347 612 4434 Plurimus
628 4367 670 4432 at
684 4348 813 4463 lepido
827 4375 919 4432 cum
932 4347 1005 4432 sale
1017 4347 1131 4462 panis
1150 4349 1267 4434 adest.

367 4555 511 4636 Interea
528 4550 682 4636 ultrices
700 4552 799 4636 aulae
816 4552 919 4634 stant
935 4549 1071 4635 limine
1090 4547 1210 4652 Dite,
