4109 5917
511 753 774 850 Musa
826 752 1548 896 urouausrs.1127

332 1001 560 1110 Qprum
577 988 643 1076 alii
661 1008 794 1103 turpes
810 1017 918 1088 orco,
946 989 1151 1102 stygiisque
1168 990 1336 1076 tenebris

339 1194 611 1294 Nascuntur,
637 1218 816 1307 puroque
835 1189 901 1274 alii
919 1190 966 1273 de
984 1187 1119 1274 limine
1133 1192 1245 1278 Coeli.

342 1395 438 1496 Hi,
470 1395 584 1479 fimul
602 1422 648 1480 ac
665 1393 876 1478 hominum
894 1391 1021 1478 mollis
1040 1393 1154 1506 sopor
1171 1392 1441 1505 irrigaturus,

347 1601 500 1680 Strata
517 1596 616 1680 leves
633 1593 958 1695 circumvolitant,
988 1589 1167 1705 mirique
1179 1609 1354 1706 potentes

351 1803 480 1897 Arte,
507 1795 657 1907 jubent,
686 1823 930 1910 quacunque
947 1795 1054 1894 libet,
1082 1792 1299 1908 spedtacula
1316 1792 1453 1878 clausu

355 1996 546 2082 Sensibus
563 1996 740 2094 offirndi:
768 1995 939 2108 Magicae
955 1995 1006 2080 stc
1018 1993 1155 2090 omnia
1168 1993 1301 2082 fraudi

358 2206 506 2285 Parere
524 2197 665 2313 aspexi,
691 2196 890 2314 variasque
907 2197 1095 2310 assurgere
1112 2198 1253 2286 scenas.

420 2398 534 2484 Hinc
546 2398 642 2483 dire
659 2395 823 2511 species:
851 2395 944 2481 hinc
956 2425 1052 2509 gens
1069 2395 1247 2480 humana
1263 2400 1483 2484 tremendus
1541 2395 1545 2404 ’

366 2607 454 2686 Aut
468 2600 572 2684 videt
585 2618 656 2684 aut
669 2597 798 2683 vidiise
815 2617 930 2713 putat
947 2628 1016 2712 per
1028 2599 1179 2684 somnia
1197 2596 1358 2698 formas,
1531 2672 1534 2680 ,
1593 2589 1597 2600 ’

368 2809 597 2916 Ignemque,
624 2797 890 2914 horribilemq3
910 2800 1049 2900 feram,
1078 2798 1536 2914 fluviumq31iqnentem.

370 3003 479 3117 Qid
488 3003 632 3104 dicam,
660 3001 731 3116 qui
750 3002 843 3087 ciun
861 3001 971 3087 feffos
990 3004 1185 3100 laxaverat
1195 3021 1307 3087 artua
1356 3021 1361 3038 ·
1543 3051 1547 3064 .

374 3207 490 3290 Alma
508 3204 631 3318 quies,
660 3203 835 3290 subitbse
851 3223 977 3320 ponto
996 3202 1219 3314 immergier
1237 3205 1319 3288 aito
1335 3247 1340 3257 ’

376 3405 557 3507 Credidit,
585 3413 624 3492 br
642 3405 738 3490 vasti
761 3405 940 3519 jadiarier
957 3405 1123 3520 aequoris
1143 3405 1290 3498 undis?

377 3606 571 3690 Turbidus
589 3604 736 3690 interea
751 3605 980 3719 rapidarum
997 3603 1138 3690 stridor
1152 3633 1346 3717 aquarum

380 3804 543 3891 Auribus
557 3806 797 3920 obstrepuit:
826 3825 914 3892 tum
932 3806 1105 3922 plurima
1122 3807 1259 3891 mortis
1273 3811 1411 3918 Imago

383 4007 555 4094 Constitit
572 4028 662 4093 ante
672 4009 818 4093 oculos.
875 4009 1111 4121 spumosum
1129 4037 1224 4094 nare
1241 4037 1310 4124 per
1328 4035 1463 4122 aequor

385 4211 480 4292 Velle
493 4209 708 4310 videbatur,
737 4209 941 4322 aridasque
958 4211 1161 4296 extendere
1178 4211 1354 4324 palmare

386 4408 672 4521 Nequicquam!
701 4408 745 4494 in
762 4408 898 4494 mediis
916 4409 1031 4523 periit
1049 4409 1253 4495 oonatibus
1271 4407 1396 4522 ager,¹
1567 4525 1570 4534 ,

387 4614 460 4698 Nec
475 4609 614 4724 palmae
626 4611 793 4720 valuere,
820 4627 891 4704 aut
909 4629 1014 4696 notae
1032 4615 1208 4729 Corpore
1225 4609 1336 4728 viree
1405 4705 1410 4716 ,

929 4817 950 4899 1
978 4843 1000 4931 3
1311 4809 1541 4940 Quietiarn
