4109 5917
558 679 669 786 ,128
707 659 965 770 MUSAE
1024 665 1605 774 ET'ONENSES.

566 916 763 998 Vulnera:
789 918 884 997 Pars
903 912 1080 996 animam
1098 914 1304 1025 complexu
1323 897 1501 1030 exceptit
1518 915 1636 1004 inani
1778 1005 1779 1050 Ν

566 1112 738 1199 Pulveris
758 1113 943 1244 avulsam,
973 1115 1071 1197 dum
1089 1113 1247 1227 pallida,
1275 1117 1397 1216 nuda,
1425 1116 1576 1218 relicta,

566 1311 699 1397 Invisrt
715 1311 854 1395 tacitos
867 1316 1032 1397 Manes:
1060 1329 1149 1397 tum
1165 1330 1302 1398 caetera
1319 1316 1438 1400 turba

566 1516 773 1628 Lampada
785 1471 1017 1601 Phoebaeam
1031 1513 1159 1612 librat,
1186 1516 1402 1632 lunamque
1419 1514 1628 1630 sequacem

567 1713 827 1824 circumagit,
855 1711 1086 1825 famulisque
1104 1713 1213 1798 astris
1231 1713 1394 1798 molitur
1407 1715 1594 1800 habenas.

568 1919 654 2010 Nec
668 1914 816 1998 circum
835 1912 981 2045 interea
996 1913 1167 2027 caligans
1185 1914 1352 2000 humida
1368 1917 1492 2002 nubea

384 2126 406 2170 ²
568 2115 743 2201 Caelestes
761 2114 1055 2202 hebetat-visus:
1084 2079 1183 2232 quin
1201 2080 1497 2202 soederarerum

445 2317 449 2324 ’
567 2322 722 2432 Magna
738 2335 897 2432 patent,
924 2346 1014 2431 quae
1032 2317 1088 2402 vis
1111 2265 1282 2408 labentia
1297 2347 1464 2435 corpora
1479 2349 1630 2432 pronos

568 2529 750 2637 'Ilorquet
762 2520 805 2605 in
819 2521 1019 2637 amplexus
1038 2519 1201 2602 Centri?
1229 2518 1308 2632 qui
1324 2521 1408 2632 lege
1425 2519 1595 2606 sodalem

567 2719 687 2804 Mens
704 2719 828 2832 agitat
844 2721 1003 2821 molem,
1029 2721 1128 2804 dum
1146 2717 1301 2804 dusiilis
1315 2739 1417 2805 errat
1436 2719 1478 2804 in
1497 2741 1619 2822 artus,

568 2922 623 3004 Et
638 2919 771 3006 tremit
788 2920 831 3004 in
848 2903 988 3022 nervii,
1015 2919 1204 3032 celerique
1223 2921 1264 3005 in
1278 2920 1463 3034 sanguine
1477 2941 1627 3007 manat.

623 3118 756 3231 Usque
774 3121 872 3202 adeo
884 3116 1036 3229 Divum
1049 3119 1171 3204 sacras
1190 3120 1385 3233 consurgit
1403 3120 1446 3203 in
1457 3140 1558 3206 artes

567 3319 762 3418 Mundus,
789 3325 829 3404 &
846 3317 890 3404 in
907 3319 1069 3403 massam
1085 3321 1277 3435 premitur
1294 3323 1459 3406 devexus
1477 3325 1656 3412 inertem.

444 3517 448 3525 ’
570 3496 653 3638 Ipse
670 3523 784 3611 Pater
800 3518 960 3604 diffusus
973 3519 1133 3633 ubique,
1163 3519 1310 3606 virescit
1327 3521 1369 3606 in
1388 3522 1528 3622 herbis,

570 3720 698 3840 Spirat
715 3721 758 3807 in
776 3721 939 3806 aetherei
951 3721 1044 3822 vita,
1074 3724 1236 3806 collucet
1253 3723 1297 3807 in
1315 3724 1404 3834 igne

569 3921 760 4037 Simplicis
779 3928 919 4024 Aura'r',
947 3926 1071 4008 donec
1088 3922 1339 4008 circumfluus
1353 3926 1475 4010 ambit

570 4118 690 4206 Aetio
704 4149 892 4236 magnam
909 4123 1112 4239 pendentis
1130 4124 1181 4208 ab
1198 4149 1269 4246 aue
1279 4128 1436 4210 catenae

567 4323 826 4434 Compagem,
854 4350 1064 4436 rerumque
1082 4321 1218 4434 ingens
1237 4323 1306 4410 sese
1324 4325 1489 4440 explicat
1502 4327 1626 4412 Ordo.

1674 4533 1736 4616 Ad
