4109 5917
525 706 770 809 Musn
821 634 1391 804 nrouuusua
1501 742 1561 841 51

354 961 421 1038 O
440 957 450 1038 l
466 949 574 1035 'felix
596 944 760 1033 Senibus
780 943 901 1029 sedes!
929 942 991 1029 hir
1010 946 1142 1029 einrlat
1159 942 1237 1029 oris

359 1154 547 1267 Frigida
565 1150 806 1238 Morborum
823 1145 960 1246 rabies,
988 1145 1193 1259 effaetaque
1211 1146 1360 1261 semper

364 1324 569 1433 Membra¹
586 1349 694 1433 calor
709 1344 871 1457 genialis
890 1344 960 1429 alit
969 1386 984 1445 3
1010 1374 1095 1454 non
1110 1344 1227 1431 effera
1244 1350 1399 1463 plebem

369 1558 659 1661 Languentem
678 1546 1044 1668 Qananaquatit,
1072 1577 1143 1631 nec
1162 1550 1303 1635 anhela
1322 1548 1464 1665 fatigat

373 1752 516 1837 Tullia
534 1780 647 1852 arius,
676 1748 851 1836 dentesve
864 1748 972 1834 senili
987 1751 1168 1835 extundit
1186 1753 1236 1836 ab
1254 1780 1333 1837 ore.

440 1962 567 2038 Ceme
586 1980 670 2071 age,
698 1980 780 2067 qua
792 1952 944 2039 medius
962 1981 1096 2037 retum
1114 1954 1301 2042 Titanius
1321 1955 1427 2045 orbis

381 2155 521 2241 volvit
538 2155 813 2242 inexhaustum
831 2154 950 2241 maiis
967 2154 1177 2239 crinalibus
1188 2155 1341 2295 ignem.

381 2358 532 2442 Forsan
550 2366 590 2443 be
604 2357 667 2441 hae
679 2358 793 2459 sedes,
822 2358 906 2441 haec
924 2354 1073 2442 torrida
1090 2384 1184 2449 rura
1201 2359 1393 2461 colantur,

383 2566 439 2642 Et
453 2558 753 2645 Salamandrino
781 2556 920 2673 irrigui
937 2586 1007 2673 per
1023 2560 1201 2643 membra
1217 2558 1370 2671 liquore

383 2761 596 2872 Indigenae,
624 2760 755 2845 medio
773 2759 859 2845 coeli
886 2756 1066 2861 c'andore,
1094 2752 1311 2861 fruuntur,

383 2962 580 3075 Qumis
598 2972 783 3047 centenus
798 2962 1038 3073 Phlegethon
1054 2962 1233 3077 incendia
1250 2980 1422 3078 torquet,

384 3170 439 3251 Et
457 3163 622 3247 totidem
635 3164 760 3277 ruptis
773 3163 935 3247 {bident
952 3162 1177 3250 fornacibus
1196 3170 1339 3251 AEtnae.

442 3363 617 3479 Concipe
635 3364 718 3473 jan
736 3352 870 3463 faihu,
895 3338 1060 3449 humilio
1085 3366 1255 3451 Telluris
1274 3367 1447 3471 alumne,

384 3564 440 3649 Et
457 3592 591 3649 rerum
602 3584 641 3649 te
657 3564 762 3675 finge
779 3584 922 3679 caput,
948 3534 1025 3649 tibi
1039 3566 1178 3649 scilicet
1195 3566 1281 3691 uni,

387 3773 546 3852 Natura
563 3765 743 3865 inservit,
770 3772 832 3879 Te
845 3782 1008 3883 propter
1023 3765 1144 3883 sidera
1162 3766 1292 3853 cursus

389 3966 568 4051 Allrduos
586 3985 793 4079 peragunt,
821 3904 1007 4079 certisque
1024 3994 1094 4079 per
1111 3968 1234 4049 ardua
1251 3964 1338 4052 coeli

392 4169 614 4252 Volvuntur
631 4166 748 4280 gyris,
776 4168 955 4281 justoque
968 4196 1100 4252 errore
1116 4186 1322 4280 vagantur.

391 4368 450 4451 Sic
468 4374 594 4453 Parva
612 4366 767 4479 aggesto
786 4366 953 4452 formica
970 4368 992 4450 ὲ
1010 4368 1146 4483 ςεῖρὶῐε
1165 4372 1318 4469 clamet,

390 4574 446 4651 Ut
465 4566 565 4652 mihi
579 4568 648 4654 sub
668 4570 831 4682 pedibus
849 4570 954 4653 callis
967 4569 1146 4655 firmetur
1159 4570 1281 4671 eunti,

944 4774 978 4853 E
1008 4799 1031 4855 2
1360 4770 1561 4855 Caucaseae
