4109 5917
530 758 599 852 24
664 730 924 825 MUSAE
978 734 1553 837 ETONENSES.

526 976 585 1061 sit
600 976 688 1063 satis
705 978 813 1062 hunc
825 976 1000 1063 oecideffe
1017 979 1173 1081 Virum,
1200 984 1442 1069 volventibus
1455 986 1568 1071 annis

579 1192 665 1308 Q'
681 1194 806 1277 Patris
824 1194 869 1279 in
884 1194 980 1280 solio
992 1196 1282 1311 conspiciendus
1300 1218 1395 1283 erat.

523 1410 656 1497 Arbor
671 1427 719 1493 ut
738 1408 783 1493 in
798 1408 925 1494 nitido
942 1410 1186 1523 prestantior
1201 1410 1384 1495 omnibus
1402 1412 1533 1515 horto,

577 1618 713 1726 Qam
731 1612 809 1709 Sol,
836 1608 978 1695 coelesti
994 1635 1118 1726 quam
1134 1610 1242 1699 fovet
1259 1610 1383 1699 imber
1400 1611 1530 1726 aqui}

521 1811 599 1896 Cui
616 1811 728 1924 vigor
746 1810 955 1923 ingenitus,
982 1810 1047 1896 cui
1063 1812 1192 1897 succos
1210 1840 1304 1897 cum
1321 1814 1527 1914 ninistrat,

576 2011 671 2096 Exit
688 2014 739 2097 ab
757 2010 904 2123 irrigua
920 2011 1050 2100 nobile
1062 2040 1223 2125 germen
1241 2014 1388 2100 humo:

520 2210 582 2297 Illi
600 2230 774 2297 maturos
787 2212 867 2323 jam
884 2212 966 2324 jam
983 2214 1182 2327 decerpere
1200 2214 1352 2299 fruetus

573 2420 783 2501 Autumno
801 2416 935 2499 Pastor
952 2414 1202 2499 conveniente
1219 2432 1331 2529 parat
1347 2449 1358 2515 ς

467 2647 472 2660 ·
517 2622 623 2700 Cum
640 2615 768 2728 gravis
787 2616 941 2700 adverso
958 2614 1115 2701 veniens
1130 2615 1329 2729 Aquilone
1346 2618 1512 2731 procella

571 2816 727 2915 Sternit,
755 2823 796 2901 δι
812 2814 837 2899 i
854 2814 940 2929 ripa
956 2816 1122 2931 promit,
1150 2818 1259 2905 unda
1274 2814 1368 2902 sui:

515 3016 575 3101 Sic
592 3016 736 3132 primo,
764 3016 813 3100 fic
831 3024 872 3101 δι
889 3015 1019 3100 medio
1036 3021 1069 3102 F
1072 3046 1311 3101 revomens
1328 3015 1371 3103 in
1387 3046 1496 3116 ενοι

567 3217 629 3303 Sic
646 3218 826 3305 festinato
843 3218 980 3302 funere
996 3234 1130 3329 raptus
1143 3216 1238 3305 obit.

511 3426 610 3507 Non
623 3418 831 3505 formanda
848 3418 934 3517 tibi,
961 3416 1185 3505 venerabilis
1205 3420 1369 3520 Umbra,
1396 3418 1590 3529 juventus,

563 3621 733 3735 Vitaque
750 3618 936 3735 preceptis
954 3618 1164 3704 erudienda
1182 3618 1305 3702 Patris
1321 3662 1333 3719 ς

493 3828 606 3912 ¹Non
623 3842 694 3909 tua
711 3822 791 3934 jam
804 3820 936 3935 primo
952 3820 1074 3904 virtus
1092 3822 1324 3933 properabat
1342 3822 1391 3903 ab
1408 3838 1512 3945 ortu,
1574 3774 1582 3797 ἡ

559 4030 724 4111 Maturo
741 3985 1160 4137 pofflrac'nobilitanda
1179 4019 1267 4104 diez

504 4230 578 4312 Sed
594 4246 680 4312 rata
696 4227 777 4340 spes
795 4224 906 4309 nobis
923 4258 932 4307 :
960 4242 1031 4307 tua
1048 4222 1205 4307 Caesaris
1222 4224 1364 4307 aemula
1382 4222 1516 4309 Virtus

557 4428 678 4515 Fulfit
695 4426 738 4513 in
752 4426 944 4540 Angliaco
956 4426 1063 4511 stella
1077 4424 1240 4507 secunda
1257 4425 1362 4539 polo.

1558 4624 1665 4737 Ero
