4109 5917
362 736 367 753 ·
502 764 541 837 ‘2
591 750 596 761 ·
646 710 1530 837 Musn'n‘ronnusns.

510 971 730 1059 Tendimus
740 1013 753 1069 ς
781 986 897 1081 atque
922 967 1005 1080 jugi
1024 968 1092 1051 sub
1110 970 1279 1081 pondere
1296 970 1395 1055 colla
1410 969 1607 1073 fatiscunt,-

512 1171 633 1285 Qud
649 1198 720 1255 nec
738 1166 947 1254 detredlare
965 1168 1092 1265 daun,
1120 1194 1191 1253 nec
1209 1165 1306 1250 ferre
1324 1168 1507 1251 valente.

567 1374 608 1452 0
624 1367 743 1451 fallax
759 1364 919 1480 species!
945 1364 1034 1448 vitae
1050 1364 1215 1475 fugitiva
1232 1367 1353 1447 beatae

514 1568 689 1650 Umbra!
715 1563 815 1677 quid
829 1562 1016 1648 infaustos
1034 1563 1196 1647 crudelis
1214 1571 1253 1651 dt
1271 1562 1402 1647 invida
1419 1562 1519 1649 fallis

515 1763 638 1850 Ludis
655 1761 912 1875 imaginibus,
938 1764 1036 1847 dum
1052 1792 1158 1846 nunc
1177 1766 1281 1847 velut
1297 1726 1415 1847 obvia'
1430 1778 1578 1876 prono'u

515 1962 664 2047 Tendis
677 1962 722 2047 iu
739 1964 939 2075 amplemu
949 2004 963 2061 ς
988 1962 1184 2075 cupidam,
1213 1962 1449 2075 sunilemque
1465 1942 1617 2049 tenend

495 2269 502 2277 ο
516 2170 618 2249 Mox
634 2160 750 2275 fugis,
777 2161 821 2245 in
838 2178 973 2245 tenues
989 2190 1101 2244 auras
1119 2160 1292 2261 evanida,
1321 2164 1523 2249 dextram?

516 2366 579 2447 0!
606 2362 636 2445 si
653 2359 809 2447 mortali
826 2378 983 2445 tantum
999 2357 1221 2470 contingere
1238 2388 1383 2444 munus
1407 2340 1417 2367 ’

490 2558 495 2578 ‘
516 2568 551 2647 F
551 2591 593 2645 as
609 2561 696 2646 ellet
712 2560 912 2671 cuiquam,
937 2571 1009 2643 nec
1025 2559 1110 2643 fata
1127 2560 1279 2643 adversa
1296 2577 1467 2645 vetarent

517 2767 716 2846 Curatum
729 2776 876 2844 exortes
894 2759 1092 2843 traducere
1109 2758 1243 2843 leniter
1262 2784 1399 2893 annot,

517 2964 571 3043 Et
588 2957 685 3043 mihi
703 2958 763 3041 fas
777 2956 863 3041 ellet
876 2974 1034 3041 tanmm
1051 2916 1271 3069 cdntingere
1287 2989 1445 3045 munusr

518 3158 684 3243 Audirct
699 3157 792 3241 felix
809 3160 980 3259 Solomo,
1006 3182 1077 3241 nec
1092 3157 1225 3243 tetrica
1242 3162 1351 3245 musa

518 3358 722 3468 Lugubres
738 3356 931 3469 plandtus,
958 3364 999 3441 dr
1015 3359 1131 3440 verba
1147 3357 1286 3443 cientia
1301 3360 1438 3447 fletum'

519 3557 737 3643 Funderet:
764 3554 808 3639 in
824 3576 888 3639 me
905 3584 1034 3639 unum
1048 3556 1146 3667 largi
1163 3556 1404 3671 indulgentia
1420 3538 1506 3645 coeli

486 3797 488 3800 ·
520 3756 730 3868 Congestrs
746 3752 969 3839 cumulfiffet
983 3783 1089 3868 opes,
1116 3754 1313 3871 vitamque
1330 3761 1496 3845 beatami

521 3960 561 4038 Ο
577 3953 670 4038 felix
687 3957 859 4055 Solomo,
885 3983 969 4040 non
984 3973 1023 4040 te
1040 3956 1251 4067 quaesiveris
1267 3978 1386 4045 extra.

576 4154 712 4237 Eheu!
739 4155 925 4257 mortalis,
952 4186 1037 4241 non
1053 4156 1197 4252 haeuin
1215 4098 1360 4245 ludera
1376 4176 1507 4245 tecum

522 4346 782 4461 Omnipotens
796 4352 903 4438 venit
921 4354 1098 4455 Genitor,
1116 4384 1197 4467 quo
1214 4374 1387 4471 tempore
1395 4360 1581 4445 Adamus·

523 4548 662 4635 Infelix
678 4547 815 4637 vetitos
831 4552 1012 4667 decerpsit
1026 4556 1078 4641 ab
1095 4538 1230 4657 arbore
1245 4558 1409 4647 frudlus.

1482 4752 1687 4845 Continud
