4109 5917
560 1084 1191 1214 LECTORI
1289 1095 1347 1212 S.

475 1455 847 1552 ECTOREM
879 1487 976 1551 non
1004 1450 1264 1588 Etonerffem
1303 1459 1540 1591 perpaucis

508 1619 766 1694 moratums
794 1591 913 1714 sum,
950 1591 1068 1691 dum
1089 1596 1333 1694 certiorem
1353 1593 1536 1720 faciam,

360 1736 561 1874 quale
546 1770 597 1834 ιιι
629 1769 793 1834 manus
829 1735 999 1868 accipit
1033 1730 1321 1868 opusculum.

441 1877 686 2010 Proprium
708 1871 785 1972 est
796 1875 957 1973 Etonae
971 1871 1264 1996 institutum,
1300 1899 1356 1974 ut
1382 1874 1539 2042 fingu-

363 2015 427 2116 lis
441 2017 712 2149 septimanis
727 2010 895 2151 abeſsa
909 2009 1132 2148 Magistro
1148 2012 1394 2150 propofitai,
1430 2023 1539 2154 qui

365 2190 557 2293 cunque
572 2159 774 2253 Carmen
793 2156 1028 2290 optimum
1051 2153 1323 2276 condiderit,
1353 2159 1539 2292 Praepo-

351 2298 502 2432 fitam
523 2294 671 2394 adeat.
741 2294 957 2394 Ludendi
984 2291 1131 2412 venia,
1168 2297 1219 2392 in
1241 2300 1435 2428 gratiam
1457 2303 1539 2432 lp-

366 2432 476 2558 sius,
501 2432 716 2534 universae
730 2433 938 2534 Scholae
924 2429 1184 2569 unpetratai,
1221 2436 1340 2534 redit
1356 2436 1416 2536 ad
1438 2435 1539 2536 suos
1695 2497 1698 2504 »

367 2613 508 2676 ovans
538 2579 745 2716 Juvenis,
780 2575 1035 2710 Olympico
1069 2577 1229 2672 vidori
1264 2573 1433 2676 nihil
1418 2579 1539 2676 mvi-

367 2717 496 2816 dens.
562 2721 782 2814 Summus
814 2713 892 2814 hic
914 2714 1039 2850 apud
1062 2713 1235 2814 nostros
1264 2721 1539 2828 Honosno-
1593 2773 1597 2784 ·

368 2855 478 2979 bile,
514 2851 698 2991 siquod
718 2853 862 2976 aliud,
886 2879 1121 2956 certamen
1136 2858 1320 2978 excitat,
1345 2864 1391 2956 de
1408 2893 1538 2958 acer-

366 2997 490 3096 rimi
524 2993 716 3131 quisque
751 2994 1042 3094 emulatione
1063 2995 1318 3115 contendit,
1355 3021 1410 3094 ut
1431 2997 1538 3098 Pal-

366 3173 498 3237 mam
540 3139 716 3234 coeteris
760 3139 997 3271 proripiat.
1070 3139 1232 3270 Itaque
1272 3137 1423 3236 videas
1456 3174 1538 3273 per

367 3281 572 3412 Campos
610 3275 711 3374 suos
745 3276 890 3375 aliurn
921 3299 1106 3411 propter
1140 3273 1456 3376 Tharnesrs'
1419 3314 1538 3413 rrpas

366 3453 571 3514 anroenar
610 3439 883 3551 reptantem,
920 3415 1066 3516 alium
1087 3415 1170 3514 sub
1193 3415 1339 3516 Ulmo
1377 3417 1537 3552 patula

367 3564 645 3690 porreetum,
682 3555 827 3655 alium
859 3562 1055 3656 Scamno
1089 3551 1379 3675 infidentem,
1416 3563 1536 3656 Ver-

366 3695 440 3793 sus
462 3695 617 3795 secum
636 3697 876 3816 meditari3
915 3719 1019 3796 turn
1045 3693 1248 3796 maximi.
1267 3721 1533 3858 occupatos,

276 3950 281 3963 .
366 3873 481 3934 cum
496 3841 658 3934 Viator
676 3836 857 3958 inscius,
893 3822 1179 3971 perpontem
1190 3838 1534 3935 vicinumtran-

365 3971 499 4094 fiens‚
536 3973 738 4074 maxime
760 3979 894 4074 otiari
916 4002 1140 4074 autumet.
1214 3973 1494 4112 Quanddig
1494 3980 1533 4074 i-

369 4140 447 4213 tur
469 4114 611 4215 Musae
634 4115 825 4249 quisque
849 4115 936 4215 suae
958 4115 1170 4233 litaverit,
1206 4117 1267 4214 ad
1289 4115 1535 4250 angustum

367 4254 413 4354 se
425 4253 656 4390 penetrale
668 4254 862 4378 confert,
888 4253 1053 4353 chartrs
1065 4253 1378 4374 mandaturus
1400 4259 1534 4389 quic-

368 4395 484 4528 quid
506 4399 846 4530 excogitaverit,
883 4395 955 4493 vel
972 4397 1242 4515 Horatium,
1263 4393 1350 4492 rel
1368 4397 1532 4530 Virgi-

365 4535 495 4657 liur‘n,
531 4534 604 4634 vel
630 4536 879 4656 Ovidium,
929 4534 1001 4636 vel
1041 4535 1316 4670 quemlibet
1333 4534 1534 4667 denique

1264 4677 1532 4808 Principum
1567 4745 1573 4764 ,
