4109 5917
515 563 779 714 uusn
826 599 1403 758 nronu'usns.
1485 649 1550 749 57

362 856 505 968 Atque
525 850 666 935 animo
683 848 804 960 digna
822 845 991 932 affectat,
1047 852 1167 959 Juvat
1180 848 1235 934 ire
1252 881 1322 965 per
1339 853 1460 967 asp’ra

364 1056 439 1140 Ad
454 1055 590 1151 docus,
618 1057 660 1136 br
677 1047 792 1134 fastis
809 1049 1113 1132 memorandum
1129 1051 1295 1136 condere
1313 1057 1487 1139 Nomen.

364 1253 526 1366 Aspice,
562 1277 654 1364 apes
673 1247 813 1360 qualis,
841 1246 1014 1362 Zephyri
1032 1246 1265 1361 spirantibus
1291 1250 1411 1356 auris,

364 1463 539 1540 Exercet
556 1447 628 1536 sub
652 1448 738 1532 Sole
755 1408 910 1548 Labori
937 1475 1021 1532 non
1038 1453 1241 1564 Tempora
1257 1453 1344 1538 lusu

365 1661 507 1739 verna
524 1668 672 1750 terunt,
699 1649 882 1734 somnove
899 1641 1053 1752 vacant,
1080 1652 1288 1764 placidaevb
1304 1652 1451 1770 Qieti.

366 1855 458 1969 lpsa
477 1853 593 1938 Vrcoe
610 1865 753 1936 natura
771 1847 872 1934 subit
881 1889 895 1950 3
927 1849 1028 1935 subit
1046 1849 1128 1964 ipsa
1144 1854 1316 1939 Labores

366 2059 599 2168 Perpenros,
626 2051 852 2166 patiturque
869 2050 970 2136 nihil
986 2069 1141 2166 torpere
1157 2057 1353 2139 Veternos

366 2258 650 2373 Qodcunque
667 2252 884 2368 aspicimus,
913 2270 1018 2339 certo
1035 2255 1184 2340 circum
1198 2256 1376 2371 undique
1393 2274 1507 2342 rnotu

370 2457 570 2556 Volvitur,
599 2461 639 2541 δι
656 2483 866 2568 nimquam
882 2454 995 2540 sentit
1012 2481 1103 2568 pars
1120 2457 1203 2540 ulla
1220 2455 1417 2570 Qietem.

367 2665 479 2744 Cum
496 2657 599 2742 ceffit
616 2655 760 2760 Chaos,
787 2664 828 2744 bs
846 2655 1059 2771 pulchrum
1074 2656 1112 2757 se
1129 2657 1244 2744 finxit
1261 2658 1305 2744 in
1324 2660 1473 2758 Orberu

370 2861 524 2972 Inclyta
541 2863 707 2946 Natura
724 2851 853 2960 facies,
889 2863 998 2948 Deus
1015 2859 1153 2944 ordine
1176 2878 1283 2948 certo
1389 2877 1393 2888 '
1442 2911 1446 2918 ·

365 3061 536 3176 Singula
555 3075 789 3174 perpetuum
811 3057 915 3172 juffit
931 3055 1077 3144 servare
1093 3080 1282 3158 tenorem.

369 3267 556 3352 lnunuue
571 3261 627 3346 est
643 3261 776 3374 requie
795 3264 965 3364 Coelum,
992 3280 1184 3375 tuomque
1201 3262 1364 3376 perenni

367 3462 560 3564 Vertitur,
587 3467 628 3548 δι
643 3461 784 3570 mundi
802 3465 923 3548 moles
941 3463 1102 3576 operosa
1118 3464 1282 3608 laborat.

367 3665 579 3748 Falluntur
596 3683 794 3776 quotquot
809 3663 944 3748 veteris
961 3667 1010 3747 de
1033 3693 1144 3748 more
1160 3663 1337 3775 magistri

368 3841 533 3949 Rern&
550 3870 766 3950 Tenarum
784 3891 872 3948 axes
890 3861 1088 3974 ferrugine
1105 3865 1270 3948 crodunt

366 4069 552 4164 Haerere,
581 4081 650 4149 aut
667 4061 813 4178 magni
829 4063 933 4150 volvi
952 4063 1153 4178 Vertigine
1171 4027 1330 4149 Coelum

366 4265 540 4353 Immotis
557 4269 716 4356 'Fellure
734 4286 889 4382 putant.
945 4269 1052 4353 Cum
1069 4268 1248 4396 Turbine
1265 4269 1378 4354 tellus

365 4473 560 4583 Perpetuo
578 4468 729 4584 peragit
747 4469 815 4556 sua
832 4497 903 4588 per
920 4467 1092 4585 vestigia
1108 4497 1264 4585 gyrunu

419 4635 427 4667 ὃ
1337 4665 1543 4784 Lampadi
