4109 5917
531 667 596 769 26
665 664 926 766 MUSAE
984 663 1561 776 ETONENSES.

583 900 827 990 Crediderim
843 896 982 982 melius
998 925 1069 982 vos
1088 895 1254 982 docuisse
1272 905 1444 1015 Lupam.

493 1131 497 1150 ·
525 1103 640 1222 Q‘d
656 1101 833 1187 meruere
850 1098 969 1201 oculi,
994 1097 1167 1222 spestent
1183 1115 1232 1186 ut
1246 1102 1436 1210 vulnera?
1464 1105 1624 1224 quidve,

583 1305 760 1392 Vulnera
776 1320 824 1385 ut
847 1297 1054 1415 accipiant,
1084 1299 1349 1412 commeruere
1365 1303 1480 1388 Viri?

530 1513 617 1594 Aut
627 1523 787 1612 tantum
802 1500 934 1624 Latin
960 1499 1078 1598 Laut
1094 1520 1141 1594 ut
1153 1502 1374 1604 moriannn
1391 1505 1522 1622 arent,

585 1711 637 1793 In
653 1704 808 1818 Libycis
825 1701 965 1816 Tigres
982 1702 1081 1816 quid
1099 1701 1273 1812 metuite
1290 1703 1420 1816 jugis?

360 1952 364 1967 ·
534 1911 613 1995 Hsc
628 1907 749 1992 etiam
766 1904 939 2018 antiqua
960 1903 1125 2000 feritatis
1145 1904 1252 2032 ligna
1269 1889 1483 2018 supersunt,

594 2111 682 2193 Nee
699 2135 771 2191 nos
788 2104 994 2217 ingenium
1011 2103 1147 2188 mitius
1170 2101 1275 2190 intus
1293 2092 1386 2219 agit.

536 2302 671 2428 Qdm
688 2308 797 2419 juvat
814 2323 985 2410 armatos
1003 2305 1047 2392 in
1065 2304 1200 2422 praelia
1217 2304 1370 2390 mittere
1397 2305 1554 2412 Gallos!

590 2513 649 2593 Ut
666 2511 768 2592 calce
786 2510 977 2612 alternam
992 2509 1087 2591 dent
1109 2507 1345 2621 subeantque
1365 2535 1513 2596 nocem.

536 2715 699 2824 Qanta
711 2709 767 2790 est
784 2706 950 2790 insontes
967 2707 1109 2798 baculo
1131 2705 1296 2804 stravisse
1319 2709 1511 2822 voluptas,

592 2906 790 2994 Morsrbus
810 2924 880 2992 aut
895 2907 1015 2991 Ursos
1038 2905 1239 3018 exagitasse
1258 2915 1428 3012 canum?

538 3107 714 3198 Horrida
730 3107 925 3220 sylvestres
943 3135 1059 3224 apros
1076 3107 1291 3194 Germania
1308 3107 1444 3194 cadit:
1506 3102 1516 3124 ⁸
1572 3074 1578 3086 Ι

593 3317 825 3398 Taurorum
842 3314 964 3397 durus
982 3309 1170 3424 sanguine
1193 3313 1337 3424 gaudet
1357 3313 1465 3396 lber:

539 3517 761 3598 Immunem
779 3512 903 3596 reddit
920 3530 959 3595 te
975 3511 1174 3614 immanis,
1203 3512 1346 3614 Gallia,
1381 3516 1496 3598 luxus
1506 3555 1520 3620 ς

595 3713 759 3828 Asperat
786 3719 827 3798 δι
842 3741 970 3798 mores
988 3713 1191 3802 ambitiosa
1208 3686 1353 3800 samer:

539 3912 676 4005 Tunsa
693 3941 763 4025 per
780 3913 974 4025 integram
990 3931 1038 3999 ut
1055 3865 1250 4000 solvantur
1267 3915 1407 4002 viscera
1425 3917 1578 4030 pellem,

595 4111 815 4224 Insequitur
830 4131 1004 4224 teneram
1022 4115 1195 4231 plurima
1212 4117 1328 4231 plaga
1346 4117 1475 4202 suern:

540 4313 605 4400 Ne
623 4313 782 4398 Gallina
799 4316 950 4410 malum
967 4317 1156 4432 responset
1173 4320 1273 4402 dura
1289 4317 1434 4433 palato,

596 4513 792 4614 Mersatur
808 4517 918 4630 largo
935 4517 1100 4604 flumine
1117 4519 1206 4604 viva
1223 4521 1347 4606 meri:

1545 4717 1709 4820 Dulcius
