4109 5917
514 727 770 825 Musn
828 704 1403 821 nvouausns'.
1475 762 1538 851 μ

421 963 527 1073 Hic,
553 962 624 1047 tibi
643 960 673 1044 st
689 963 838 1088 placeat
855 958 965 1043 teetis
982 958 1190 1061 succedere,
1218 966 1257 1045 &
1275 961 1379 1047 ultro

351 1164 605 1279 Hospitium
620 1178 769 1247 tentare
786 1187 950 1261 novum,
976 1159 1076 1244 sedet
1092 1164 1199 1247 ecce!
1226 1162 1402 1257 virorum

355 1366 542 1465 Turba;
569 1365 633 1451 sed
648 1363 812 1449 intranti
828 1362 899 1447 tibi
913 1391 1032 1447 nemo
1050 1361 1237 1474 assurgere
1254 1383 1378 1463 curat,
1533 1350 1538 1359 ⁴

359 1565 562 1650 Molirive
576 1593 746 1665 moram·
770 1582 840 1649 aut
852 1535 1031 1649 veniendi
1049 1592 1219 1675 quaerere
1236 1566 1378 1651 causac.
1531 1615 1538 1625 -

362 1767 474 1853 Fors
492 1764 594 1849 inter
610 1765 682 1851 sese
698 1766 861 1880 strepitu
880 1760 1059 1851 convivia
1076 1768 1188 1853 nullo

365 1968 541 2053 Umbrae
552 1966 692 2051 hilaros
711 1946 930 2068 celebrant3
957 1966 1198 2081 convivaque
1214 1968 1374 2055 luminis
1393 1998 1526 2085 expett

367 2168 508 2253 Pocia
523 2184 628 2251 tenet
642 2184 776 2251 tamen
786 2209 800 2268 3
826 2170 936 2252 eece!
964 2184 1126 2283 apparet
1144 2173 1281 2280 Imago
1297 2170 1424 2279 jocosa

371 2367 554 2455 Plurima
569 2398 639 2483 per
655 2367 819 2471 netum,
846 2376 887 2456 δι
905 2368 1054 2454 circum
1070 2368 1245 2484 undique
1262 2370 1407 2481 gaudia
1424 2370 1544 2456 mutis

371 2569 561 2654 Vultibus
578 2571 768 2686 impreffa,
795 2578 836 2657 δε
853 2571 1038 2657 taciturni
1056 2570 1099 2655 in
1116 2600 1310 2657 marmore
1325 2568 1433 2657 risus.

375 2772 490 2890 Qin
507 2772 699 2855 thalamos
715 2772 829 2855 castae
843 2770 933 2857 licet
949 2770 1118 2856 invasuse
1134 2774 1297 2887 puelloe3

376 2979 412 3060 F
410 2972 669 3088 oemineosque
686 2968 788 3058 inter
813 2967 953 3059 mirere
969 2972 1117 3057 silentia
1134 2991 1267 3057 coetus.

431 3180 518 3263 Nec
535 3161 683 3259 vin’clir
696 3174 855 3261 tenuiffe
874 3174 948 3260 suis
966 3204 1089 3286 genus
1107 3205 1226 3261 omne
1238 3177 1414 3273 virorum
1531 3176 1540 3189 ’“

380 3333 592 3491 capam
609 3375 697 3461 satis
715 3376 793 3461 est:
820 3376 940 3460 effusa
956 3376 1112 3461 nentia
1128 3378 1242 3492 pens

382 3576 548 3661 Ulterius
562 3577 714 3679 tendit;
743 3577 1024 3691 communique
1041 3579 1176 3667 omnia
1194 3578 1291 3663 sorte

382 3778 494 3891 Urgit
510 3779 619 3864 saxea
636 3778 707 3880 vis,
735 3786 776 3865 δε
792 3778 1040 3865 incluctabile
1058 3778 1199 3864 fatum.

384 3986 489 4064 Stant
505 3978 615 4067 solidi
630 3979 724 4094 ripis
742 4008 875 4065 amnon
890 4022 903 4080 5
929 3978 973 4063 in
989 3980 1136 4093 spicula
1153 3980 1277 4065 aristae

386 4186 498 4265 Saxea
514 4180 720 4273 durescunt
737 4198 904 4269 tenerae:
931 4207 1003 4265 nec
1016 4178 1222 4270 frondibus
1239 4180 1352 4263 arbos
1369 4247 1373 4255 ,

386 4379 597 4481 Decutitur,
634 4380 827 4496 patiturve
844 4408 1002 4465 comam
1019 4380 1235 4465 diffundere
1248 4397 1394 4465 ventos.

1168 4508 1190 4541 ,ι

436 4599 510 4683 Hic
527 4598 666 4703 subito,
693 4600 791 4690 dum
801 4598 992 4715 Nympha
1007 4598 1122 4684 suum
1139 4598 1314 4711 fugiebat
1328 4546 1542 4701 amantem,

1373 4796 1547 4884 Substitit
