4109 5917
506 609 1528 741 104MnsAE-ET0NENsnn

487 857 580 938 AEre
597 881 737 938 canens
755 854 936 964 signum3
962 883 1045 967 quo
1061 857 1188 956 tellus,
1216 881 1415 970 regnaque
1427 859 1574 946 Mortis

485 1055 646 1154 Pallida,
665 1057 763 1140 coelo
772 1054 892 1140 invisa
904 1073 1097 1140 tremunt:
1123 1056 1206 1166 jam
1216 1055 1391 1142 immane
1402 1059 1659 1174 [epulchnrrn

485 1257 729 1338 Marmoreas
742 1254 864 1368 aperit
880 1255 1023 1356 fauces,
1050 1255 1204 1368 lateque
1218 1255 1413 1343 dehiscens

485 1453 707 1564 Exsangues
726 1453 880 1538 animas
897 1453 1056 1568 dirupta
1080 1480 1151 1568 per
1167 1452 1266 1540 ostia
1280 1454 1427 1543 fundit.

485 1653 676 1738 Membris
688 1671 827 1738 trunca
843 1652 930 1752 suis,
956 1656 1150 1767 paulatim
1161 1655 1306 1769 pallida
1318 1661 1457 1768 lmign

484 1851 594 1938 Foetd
607 1852 767 1964 emergit
783 1853 920 1954 humo,
947 1853 1164 1970 sparsosque
1189 1853 1376 1967 recolligit
1387 1868 1509 1956 artus,
1563 1842 1577 1864 ⁶

484 2057 534 2138 In
552 2065 724 2136 'veterem
737 2052 867 2138 rursirs
884 2053 968 2137 fato
984 2055 1161 2138 revoluta
1176 2053 1357 2166 figuram

483 2259 540 2337 At
563 2259 670 2338 Deus
688 2271 826 2336 amato
843 2253 959 2340 radiis
976 2251 1207 2368 praecinens
1220 2253 1264 2338 in
1276 2280 1370 2338 mu

482 2452 656 2538 Confidit
671 2454 810 2565 Judex,
836 2481 1028 2565 magnum
1045 2452 1168 2538 Patris
1181 2451 1477 2578 incrementum

481 2652 735 2765 Criminaque
748 2681 793 2736 ac
806 2652 916 2738 vitas
933 2591 1157 2738 venientdm
1169 2680 1216 2736 ex
1233 2650 1370 2737 ordine
1386 2593 1506 2744 discit.

480 2850 743 2936 Circrmrstant
769 2850 926 2938 Animae
940 2849 1075 2938 dextri
1090 2776 1262 2964 laevique
1280 2852 1490 2983 Tsibm'd’.

478 3055 673 3163 igneaque
690 3049 913 3134 horrescunt
930 3050 1018 3135 irati
1037 3049 1185 3163 Judicis
1201 3079 1284 3136 ora.

476 3251 545 3336 Ille
560 3252 669 3334 dolos
687 3251 914 3365 fraudesque
931 3251 1053 3353 audit,
1080 3253 1279 3366 poenisqne
1290 3269 1438 3343 coutet

475 3451 667 3550 Auditos;
693 3449 835 3536 fmstrn
854 3453 993 3536 vellent
1010 3449 1150 3535 denna
1167 3452 1307 3552 latere,

473 3657 521 3736 se
538 3654 728 3738 danmant
746 3650 845 3765 Ipfi;
872 3652 1033 3766 proprio
1049 3650 1120 3735 sub
1135 3651 1291 3764 pedore
1308 3651 1444 3740 testem

470 3855 520 3936 In
537 3853 573 3936 se
590 3852 750 3966 quisque
766 3853 890 3964 gerit:
917 3869 1103 3966 cuperent
1120 3852 1163 3936 in
1181 3852 1293 3935 busta
1309 3849 1460 3949 reverti,

469 4059 522 4137 Et
538 4054 731 4138 tumulare
749 4053 861 4138 suurn
877 4055 1074 4138 tumulato
1090 4078 1251 4168 corpore
1266 4050 1427 4138 crimen.

466 4259 522 4338 At
534 4253 643 4367 queis
660 4256 764 4356 culta
782 4255 906 4356 Fides,
933 4255 1115 4370 durisque
1129 4253 1294 4340 exercita
1309 4251 1445 4339 Virtus
