4109 5917
394 620 403 628 ⁹
489 679 1376 806 nusn'nroneusns.
1419 725 1516 828 14³

311 934 599 1049 Miranuque
615 959 738 1019 novas
755 931 917 1033 fortnas,
944 937 986 1018 bt
1002 957 1088 1018 non
1104 929 1174 1018 sua
1190 919 1382 1022 membra.

390 1141 573 1250 Jamque
582 1131 782 1248 Equitem,
808 1067 956 1245 siquem
969 1131 1051 1218 fors
1068 1129 1148 1218 huc
1166 1133 1381 1238 advexerit,
1400 1129 1537 1222 ultro⁴

326 1331 517 1451 Arripis,
550 1320 673 1451 inque
692 1351 805 1418 tuam
825 1327 932 1445 cogit
948 1327 1117 1446 migrare
1133 1329 1353 1437 tabernam,
1462 1391 1464 1394 -

329 1540 432 1626 Nec
450 1553 586 1620 tamen
600 1519 789 1648 impediat
806 1532 892 1664 iter,
918 1551 990 1618 aut
1006 1531 1053 1618 srs
1071 1529 1183 1618 carafa
1198 1524 1396 1632 morandi.
1413 1525 1415 1530 ’

394 1737 485 1824 Hic
503 1735 635 1822 avidos
647 1734 953 1852 paviffeoculos,
979 1735 1330 1851 salvoquepudore

333 1943 392 2028 In
411 1953 535 2054 caput
547 1882 739 2024 cucullam
755 1935 815 2024 fas
825 1937 881 2022 est
896 1934 1027 2024 vidisse
1038 1939 1225 2054 puellam.

335 2143 404 2224 Ut
420 2135 583 2250 graciles
598 2153 706 2224 artus
722 2139 959 2224 tenuantur!
985 2154 1033 2223 ut
1051 2136 1221 2225 ambitus
1236 2133 1329 2228 imae

337 2337 473 2424 Vestis
490 2339 535 2426 in
552 2338 741 2460 exiguum
756 2340 918 2425 tandem
936 2337 1184 2426 concluditur
1200 2341 1352 2444 orbem,

342 2545 485 2656 Qam
497 2557 632 2624 tamen
644 2537 688 2624 in
701 2557 885 2653 quartam
899 2539 1021 2627 sartor
1031 2557 1254 2657 porrexerat
1266 2543 1427 2632 tdnaml

347 2737 497 2828 Scilicet
516 2739 593 2825 hbe
608 2738 730 2826 etiam
746 2737 802 2826 est
818 2739 949 2828 smilis
964 2740 1122 2876 pidlura
1139 2743 1295 2845 Puellae,

348 2940 471 3058 Qod
484 2939 596 3052 tangi
612 2959 790 3028 metuens
806 2940 1053 3056 prensantem
1070 2933 1220 3028 lubrica
1231 2944 1411 3032 dextram

350 3140 530 3228 Exultim
548 3139 664 3254 fugit,
690 3141 917 3254 elusumque
934 3141 1121 3258 relinquit
1138 3161 1351 3233 amantem.

405 3346 497 3454 Jam
515 3339 603 3426 satis
619 3341 700 3427 est:
738 3340 912 3428 rmum
928 3343 1089 3432 tandem
1106 3345 1176 3437 lux
1192 3343 1312 3430 intret
1323 3359 1517 3459 apertum.

354 3540 476 3627 Prisca
488 3539 588 3628 redit
604 3541 750 3631 charta
767 3543 917 3643 albedo,
945 3543 1179 3657 fluxumque
1196 3541 1366 3628 nitorem

355 3740 483 3842 Exuit,
515 3747 556 3828 dt
572 3743 724 3826 lautam
740 3740 852 3829 tanti
867 3741 1064 3855 farragine
1082 3746 1277 3856 Pompam
1290 3783 1306 3844 t

358 3940 565 4055 Gloriaque
578 3941 622 4027 in
638 3959 774 4028 tenues
785 3941 932 4057 dilapsa
948 3942 1142 4029 resolviter
1157 3969 1287 4030 auras.

359 4141 481 4258 Usque
499 4141 598 4227 adeo
609 4171 700 4258 quae
717 4146 786 4229 lux
803 4140 970 4229 illulbat
981 4162 1134 4246 caetera,
1160 4145 1334 4232 nostram

361 4340 541 4428 Obscurat
558 4342 724 4445 scenam,
752 4349 792 4430 δι
808 4343 934 4430 nimio
951 4343 997 4431 fit
1017 4341 1166 4432 inutilis
1182 4343 1269 4432 usu.
