4109 5917
548 724 796 821 MUSAE
852 724 1421 825 ETONENSES.
1532 760 1559 859 5

391 959 555 1059 Audiit,
582 968 623 1044 dc
640 959 771 1071 srquae
790 960 967 1073 Scythico
984 926 1163 1073 porresta
1179 964 1247 1046 sub
1262 970 1347 1047 Axe

396 1160 608 1271 Indigenas
627 1164 797 1272 Hyemes
815 1177 1035 1273 aetemaque
1053 1159 1200 1271 frigora
1218 1159 1353 1245 sentit:
1440 1126 1445 1135 .

396 1359 443 1451 Si
462 1388 543 1470 qua
559 1362 662 1443 ultra
680 1320 914 1474 AEdriopum
931 1360 1026 1445 fines
1044 1358 1285 1471 calidamque
1303 1366 1452 1473 Syenen

399 1562 576 1673 squallet
590 1560 761 1661 arenosa,
791 1568 831 1644 dc
848 1559 979 1643 nimiis
996 1562 1113 1673 plaga
1131 1559 1282 1645 Solibus
1295 1562 1413 1661 ardet,

398 1758 616 1871 chuid,
646 1758 798 1858 Baetra,
825 1758 886 1841 tui
902 1760 1050 1868 jadant
1067 1760 1281 1844 Zoroastris
1299 1758 1463 1859 alumni,

395 1958 536 2051 ¹Sidera
547 1959 607 2042 vel
619 1987 766 2072 pernox
783 1958 932 2043 servans
950 1960 1156 2043 Chaldaeus
1173 1960 1387 2073 haruspex,

397 2164 660 2271 Qaecunque
679 2158 827 2243 arcanis
837 2159 989 2258 ,fndus
1006 2160 1204 2243 commissa
1222 2158 1355 2271 figuris

399 2355 552 2441 Divina
569 2356 771 2441 indoslam
789 2360 886 2441 celat
911 2356 1091 2471 mysteria
1107 2359 1275 2457 Plebem,
1323 2420 1328 2427 .

399 2555 583 2640 Veridica
601 2556 769 2639 obscuras
787 2556 984 2641 involvens
1002 2558 1200 2669 dogmata,
1228 2556 1441 2670 Memphis,

401 2760 503 2863 Non
528 2759 701 2841 nostram
723 2757 857 2870 fugisse
875 2758 1020 2843 aciem:
1048 2766 1164 2844 Mens
1183 2762 1305 2843 ardua
1322 2758 1439 2853 vilem

400 2957 530 3041 Gestis
547 2958 717 3043 humum
733 2959 917 3072 sprevisse,
936 2958 1118 3071 viamque
1137 2958 1292 3042 affth
1311 2961 1361 3043 ad
1374 2958 1503 3043 Astra.

459 3160 534 3241 Sed
548 3176 695 3285 tamen,
723 3164 762 3243 Ο
779 3158 912 3243 sterilis
929 3086 1038 3257 Veri,
1062 3158 1280 3271 frustraque
1297 3160 1468 3273 superbe,
1518 3270 1522 3275 Ι

403 3362 508 3443 Inte
524 3358 738 3459 descendas,
768 3315 953 3443 Solomo:
979 3388 1069 3472 pars
1083 3322 1274 3472 quarmila
1291 3388 1422 3444 rerum
1439 3358 1493 3443 est

400 3562 540 3673 Qam
555 3556 628 3640 tibi
645 3558 735 3641 scire
753 3559 894 3641 datur!
921 3577 1148 3670 quantoque
1171 3560 1301 3641 labore
1327 3574 1477 3669 parata,

401 3756 613 3871 Splendida
625 3758 801 3867 delusam
817 3777 922 3851 tenet
940 3758 1166 3869 Ignorantia
1186 3760 1390 3841 Mentem!

402 3956 528 4057 Disce,
543 3958 738 4042 docendus
753 3960 894 4058 adhuc,
913 3957 1035 4071 quam
1048 3956 1218 4070 plurima
1231 3956 1431 4057 nescim&
1445 3953 1566 4067 quam

400 4159 619 4241 Claudatur
636 4158 814 4242 brevibus
826 4159 971 4270 jadlata
985 4156 1150 4241 Scientia
1166 4146 1282 4271 gyris.

456 4365 590 4471 Qare
600 4388 683 4471 age,
691 4359 1010 4471 quandoquidem
1024 4360 1203 4441 arboreos
1217 4355 1440 4469 cognoscere
1450 4356 1568 4467 smum

403 4556 566 4669 Diceris,
593 4558 617 4668 a
635 4560 776 4663 Codro,
803 4557 946 4672 Libani
964 4588 1053 4671 quae
1070 4556 1241 4673 plurima
1255 4556 1417 4667 'sununis

339 4752 346 4759 ’
954 4764 1038 4885 Β“3
1186 4894 1195 4909 .
1385 4752 1569 4849 Imminet
