4109 5917
384 953 504 1050 Haec
527 946 723 1046 breviter
750 941 961 1081 praefatus
983 945 1102 1065 sum,
1138 947 1255 1050 mihi
1279 951 1379 1050 satis
1402 949 1487 1054 ha-

303 1089 514 1210 bitume,
549 1085 588 1186 fi
609 1089 693 1221 qui
713 1085 823 1186 hinc
845 1084 1168 1187 obleetamenti
1208 1091 1380 1226 aliquid
1407 1133 1487 1194 ce-

302 1233 487 1366 perint,
523 1225 596 1326 v‘el
619 1229 932 1360 Negotiorum
956 1227 1107 1345 taedio,
1143 1229 1215 1327 vel
1239 1225 1395 1331 studiis
1419 1235 1486 1334 se·
1578 1301 1582 1308 -

302 1367 580 1486 verioribus,
630 1364 818 1487 defeffi3
872 1363 1186 1468 srMinorum
1219 1369 1487 1477 Scholarum

299 1513 468 1645 pueris
506 1505 756 1641 Exemplar
801 1541 897 1606 non
942 1505 1107 1606 inutile
1152 1511 1482 1645 proposuerim,

299 1651 543 1785 imprimis
565 1683 688 1769 vero,
724 1644 761 1746 fi
782 1644 897 1746 nihil
917 1645 1072 1782 probri
1095 1645 1205 1747 hinc
1228 1685 1284 1749 ex
1310 1652 1485 1754 inscitii

299 1789 418 1892 mei
432 1789 671 1888 obvenerit
685 1787 837 1888 Almae
859 1787 1021 1900 Matri
1034 1789 1224 1909 Etonae3
1263 1791 1483 1928 cujusme

298 1931 565 2032 minimum
602 1924 691 2026 effe
728 1923 881 2029 filium
916 1925 1057 2062 pluris
1096 1924 1230 2053 facio,
1267 1930 1480 2067 quimsr

299 2072 529 2172 Fortuna
545 2063 742 2167 fuiffem.

377 2207 516 2330 Vale,
543 2213 707 2306 Lestor
724 2235 880 2328 emm,
905 2202 1106 2307 frontem
1124 2206 1316 2342 explica,
1342 2237 1482 2348 atque

299 2375 364 2452 ut
386 2347 460 2450 his
482 2343 644 2447 meliirs
661 2342 830 2466 fruare,
868 2349 918 2446 in
941 2348 1248 2447 mentem'tibi
1271 2354 1391 2450 inter
1411 2353 1479 2451 le-

260 2592 261 2595 *
300 2489 519 2626 gendum
541 2482 731 2586 subinde
752 2521 913 2585 revoca
928 2487 1143 2586 AEtatem
1167 2487 1298 2590 istam
1322 2493 1480 2593 Aure·
1613 2493 1618 2503 “

300 2669 402 2753 am,
441 2628 631 2764 quando
653 2631 771 2726 inter
793 2626 1143 2762 Condiscipulos
1341 2625 1350 2638 ’

300 2945 419 3047 Vm,
443 2942 531 3059 pari
549 2941 691 3042 studio,
717 2939 950 3055 paribusque
967 2943 1133 3031 exercita
1151 2943 1266 3047 ludis,

357 3151 552 3260 Jurrgeret
568 3143 715 3229 utiliter
732 3129 851 3243 Seria,
878 3143 1006 3228 mixta
1024 3145 1155 3256 Jocis:

297 3350 443 3437 Nescia
459 3347 553 3435 ciun
575 3346 744 3448 Sceleris,
773 3343 866 3431 cum
884 3351 1000 3430 eurae
1017 3345 1154 3447 nescia,
1181 3349 1327 3462 raptim

359 3551 574 3652 ornnem,
600 3547 705 3636 certi
722 3574 876 3662 queque
892 3564 1043 3647 notata,
1072 3547 1177 3636 Dies.
