4109 5917
542 680 800 783 MUSAE
859 688 1445 788 ETONENSES:
1509 698 1568 790 81

377 924 565 1038 Impulit
578 924 623 1008 in
639 879 808 1062 nutius:
837 922 985 1007 Gentili
1000 927 1178 1042 excedere
1196 923 1296 1011 terrai

386 1125 642 1225 Gaudentes,
673 1124 851 1235 interque
868 1125 994 1208 undas
1012 1123 1190 1240 interque
1207 1129 1396 1234 Proccllae

394 1326 516 1413 Aeris
534 1325 683 1411 externi
699 1324 905 1439 patiuntur
922 1324 1070 1436 frigora
1082 1342 1226 1426 naute,
1245 1400 1251 1410 .

398 1527 672 1642 Excoctosque
689 1545 796 1612 artus
814 1525 944 1610 alieno
965 1528 1051 1610 Sole
1069 1545 1271 1640 perurunt.

402 1731 475 1816 Ille
495 1730 548 1814 ad
565 1726 772 1842 Lilliputas
785 1727 911 1812 fertur
923 1726 1138 1842 somnoque
1154 1729 1300 1814 solutus
1366 1759 1368 1768 ’
1390 1723 1392 1729 ’

402 1929 608 2041 Exiguum
620 1933 808 2030 Martem,
835 1927 1044 2040 vinclisque
1062 1889 1204 2012 innexa
1221 1929 1365 2041 pusillis

405 2130 579 2216 Miratur
592 2132 782 2231 membra,
810 2148 1080 2241 errantemque
1098 2127 1140 2212 in
1153 2127 1310 2242 pectore
1322 2149 1491 2242 gentem.

405 2331 586 2448 Qalitdr
602 2331 856 2418 innumerum
873 2359 943 2444 per
951 2350 1076 2414 terrea
1091 2330 1216 2414 castra
1233 2332 1384 2416 laborat

405 2532 678 2618 Formicarum
697 2561 852 2645 agmen,
879 2531 1072 2643 sterilique
1090 2531 1133 2615 in
1150 2533 1306 2646 pulvere
1322 2529 1429 2614 vivit.

406 2739 509 2818 Mox
526 2741 725 2849 populum
743 2731 926 2828 horrescit
938 2735 1037 2818 coelo
1055 2732 1183 2848 capita
1197 2734 1275 2834 alta
1291 2732 1480 2828 &rentem

406 2939 461 3018 Et
477 2933 645 3069 gressum
663 2909 934 3034 immodicum,
962 2941 1002 3020 &
1019 2934 1168 3019 sublata
1184 2934 1358 3020 tonitrua
1376 2933 1493 3020 vocis.

408 3133 559 3222 omnia
575 3081 681 3226 vaira
699 3132 824 3218 videt:
852 3135 928 3218 stat
938 3135 1127 3246 graminis
1144 3133 1303 3219 horrida
1321 3136 1453 3246 Sylva;

407 3343 493 3428 stat
506 3335 708 3431 nemorosa
725 3333 838 3448 seges,
866 3351 1101 3449 centumque
1120 3333 1276 3448 assurgit
1289 3335 1332 3422 in
1349 3335 1474 3436 ulnas.

408 3535 584 3620 Miratur
600 3534 715 3648 stirpe
732 3533 883 3646 ingenti
900 3525 1060 3624 sublime
1078 3541 1263 3647 Papauer,

408 3735 665 3847 Candidaque
684 3734 850 3818 inclusus
868 3735 966 3849 saepd
983 3727 1085 3818 inter
1101 3733 1204 3818 Lilia
1225 3733 1383 3818 dormit.

409 3936 586 4021 Miratur
603 3935 798 4020 violarum
809 3937 983 4035 umbras,
1010 3937 1233 4048 molemque
1251 3879 1492 4048 Hyacinthi:

408 4143 517 4250 Saepe
534 4134 656 4220 etiam
671 4135 826 4222 somnos
843 4134 1016 4226 turbavit
1027 4165 1230 4234 murmure
1248 4137 1399 4220 Crabro

409 4335 687 4450 Increpuitque
703 4321 840 4420 minax
857 4334 996 4438 caudi,
1021 4289 1235 4450 pennisque
1253 4336 1480 4423 coruscans:
1577 4453 1581 4459 Ι

405 4537 635 4625 Monstrum
658 4537 899 4638 horrendum
919 4536 1077 4650 ingens!
1104 4555 1239 4634 tamen
1257 4537 1318 4634 his
1340 4538 1375 4624 se
1389 4533 1559 4634 oblesiat

1370 4655 1377 4728 Ἰ
1406 4669 1409 4680 ·
1447 4651 1583 4731 [ocellus,

461 4744 598 4842 Tou.
625 4745 677 4827 ΙΙ.
1016 4743 1060 4830 G
1388 4735 1583 4826 Mirandcu
