4109 5917
512 715 768 818 MUSAE
826 712 1402 820 ETONENSES.
1477 757 1540 851 77

431 965 490 1044 At
504 951 715 1074 plusquam
728 947 879 1052 Vmor,
909 977 1058 1036 carcere
1074 952 1229 1038 vinstus
1251 928 1377 1042 eran·

375 1157 559 1246 Fascibus
576 1171 740 1240 ornatus
757 1157 880 1238 Romae
896 1151 1018 1237 modb
1043 1152 1213 1255 firlserat,
1242 1159 1345 1242 Exul

433 1357 592 1442 clarior
610 1350 763 1440 interml
779 1350 981 1439 nobilitate
997 1351 1107 1440 nitet.

380 1563 461 1647 Pro
476 1555 595 1642 viridi
621 1556 779 1640 decorat
796 1553 979 1664 Maiestas
1003 1553 1164 1640 horrida
1180 1561 1329 1660 Lauro,

436 1763 492 1844 Et
508 1754 664 1870 gravior
679 1772 792 1840 torvo
809 1745 935 1867 fulget
951 1753 995 1840 ln
1011 1783 1079 1840 ore
1095 1762 1237 1845 Decor.

383 1963 484 2048 Non
508 1955 572 2042 ille
590 1961 799 2044 AEtemum
820 1955 971 2070 gemitu
988 1955 1148 2045 violavit
1164 1965 1384 2066 Honorem,

442 2157 613 2242 Vincula
630 2184 702 2240 nec
719 2159 889 2243 Marium
907 2154 1173 2242 commune
1190 2099 1317 2243 suum,

388 2373 417 2408 “
445 2359 565 2443 Tune
583 2358 679 2442 meis
697 2359 827 2458 audes,
854 2358 996 2471 inquit,
1026 2358 1256 2444 contendere
1273 2363 1307 2446 F
1308 2361 1409 2446 atie?

447 2571 476 2606 ‘⁴
503 2563 574 2642 Ίῖι
590 2563 748 2644 laurum
766 2559 906 2644 Cimbri
922 2561 970 2643 de
988 2498 1181 2644 domitere
1198 2559 1325 2643 feres?

390 2773 420 2809 “
447 2760 604 2873 Ergone
620 2759 762 2871 subjeci
777 2759 946 2845 flammis
960 2763 1193 2872 Carthaginis
1204 2765 1335 2845 arcer?

451 2975 478 3010 “
506 2967 564 3046 Ut
581 2962 718 3074 poffim
732 2963 873 3046 dextrae
886 2959 1023 3047 fraude
1040 2961 1164 3074 perire
1190 2967 1291 3044 tuae?
1312 2967 1333 2994 ''

393 3173 501 3252 Voce
517 3161 591 3246 vin'
613 3163 800 3257 attonitus
817 3163 933 3270 eelsrt,
959 3191 1032 3246 ceu
1049 3162 1237 3247 Numinis
1254 3164 1372 3262 ultor,

454 3361 701 3479 Crudelisque
718 3366 832 3452 suum
845 3367 979 3450 dextra
995 3365 1140 3477 refugit
1157 3395 1268 3479 opus.

394 3572 609 3651 Armatum
627 3571 737 3653 Paeni
750 3570 918 3654 Marium
935 3567 1100 3652 timuere
1116 3569 1283 3667 rebelles,

455 3763 621 3866 For'tior,
651 3773 690 3852 &
708 3772 859 3853 Marius
877 3768 1001 3880 major
1018 3765 1175 3852 inermis
1193 3785 1286 3851 erat.

400 3971 507 4078 Ergo
526 3967 596 4051 ubi
612 3967 813 4054 strinxillet
835 3969 977 4081 jullum
994 3969 1157 4052 Sicarius
1175 3967 1314 4065 ensem,

456 4174 658 4254 sacratum
675 4170 805 4284 potuit
822 4201 904 4256 non
922 4171 1065 4254 violare
1082 4186 1211 4282 caput.

258 4359 260 4414 l
404 4366 587 4455 Membra
603 4370 700 4456 Viro
719 4373 856 4458 audaci
874 4371 1059 4457 concuffit
1076 4369 1241 4482 frigidus
1258 4370 1409 4471 horror,

458 4573 636 4684 Telaque
652 4565 843 4662 carnificis
857 4573 1059 4662 destituere
1077 4601 1255 4658 manum.
