4109 5917
517 714 635 825 74
702 693 962 790 MusAE
1019 683 1601 788 EToNENsns.

564 937 697 1046 Qem
713 957 797 1014 non
812 923 988 1040 Imperiis
1003 930 1283 1037 Agamemnon
1298 922 1460 1008 flexmt
1474 925 1639 1014 hostem

620 1128 879 1230 Indomitum,
909 1127 1033 1213 flefflt
1049 1125 1192 1240 regius,
1211 1129 1321 1212 ecce!
1355 1125 1487 1213 Miser.

565 1333 748 1444 Maiestas
767 1357 895 1444 neque
918 1326 1026 1412 enim
1044 1325 1134 1412 fatis
1153 1325 1324 1412 infracta
1340 1327 1496 1430 recedit,

621 1539 678 1618 At
695 1530 786 1616 casu
804 1526 979 1614 evehitur
996 1526 1198 1642 pulchrior
1215 1525 1297 1640 ipsa
1313 1526 1396 1614 suo.

567 1739 666 1820 Non
683 1731 792 1816 aliter
808 1727 962 1816 Masius
985 1728 1089 1812 stetit
1105 1725 1404 1842 itnpeiterrituc3
1433 1735 1475 1816 δι
1489 1730 1573 1844 jam

622 1938 759 2018 Torva
775 1947 888 2016 tuens
906 1926 996 2014 fatis
1020 1927 1220 2043 impavida
1236 1957 1308 2014 ora
1323 1928 1442 2016 dedit.

569 2133 651 2248 Qi
668 2135 820 2219 vultus!
854 2133 976 2218 virtus
995 2161 1085 2245 quae
1101 2129 1319 2218 scintillavit
1337 2129 1505 2221 ooellis!

624 2333 828 2420 Camificis
845 2335 955 2418 durae
972 2333 1241 2420 contremuere
1257 2363 1414 2420 manus.

571 2537 631 2622 Sic
649 2536 719 2620 ubi
736 2537 817 2646 iam
833 2535 979 2648 spectat
995 2535 1175 2649 Pompeii
1190 2534 1317 2622 flebile
1333 2535 1464 2622 samm

625 2735 806 2822 Pallentis
825 2737 964 2836 Caesar,
990 2735 1293 2850 smguineasque
1311 2765 1470 2838 comm

573 2937 802 3052 splendidus
819 2935 997 3020 exoritur
1013 2935 1158 3039 luctus,
1195 2939 1454 3054 lacrymaeque
1468 2939 1612 3041 viriles,

626 3143 768 3252 Iraque
785 3165 878 3222 cum
895 3135 1011 3223 causti
1027 3138 1084 3223 est
1105 3141 1379 3226 contumulate
1393 3139 1473 3228 sue„

574 3338 722 3424 Scilicet
740 3337 908 3424 afflitint
924 3338 1033 3424 rutili
1049 3367 1174 3453 quam
1191 3338 1358 3453 fiilgutit
1375 3342 1499 3458 ignee,

629 3536 821 3650 Religiosa
837 3538 988 3624 sactum
1009 3556 1113 3626 terra
1128 3539 1302 3627 bidental
1322 3541 1440 3630 habet
1449 3586 1464 3646 ς

574 3745 660 3826 Nec
677 3739 809 3825 minits
826 3738 890 3824 ille
907 3739 1022 3840 sacer,
1049 3739 1140 3826 fatie
1153 3741 1224 3854 qui
1241 3741 1406 3846 laeditur,
1434 3753 1476 3832 δι
1494 3745 1585 3833 Diis

631 3939 798 4024 Sustinet
815 3939 922 4026 iratis
939 3940 1092 4028 foniter
1108 3943 1179 4028 esse
1195 3943 1320 4032 miset.

403 4067 411 4084 ι
577 4128 749 4242 Effulget
762 4131 883 4218 victus
901 4135 923 4218 ὲ
940 4139 1048 4222 clade
1064 4137 1354 4258 illulhioripss,

633 4335 685 4418 Et
701 4332 856 4420 decorat
873 4365 1066 4454 magnum
1083 4371 1230 4460 magua
1245 4345 1362 4434 mina
1378 4349 1522 4440 virum.
