4109 5917
560 805 625 903 50
703 772 962 867 Musa
1014 763 1594 865 urouuusus

555 1015 770 1122 supremus
787 1004 939 1121 peragis
957 1004 1045 1089 coeli
1062 1031 1132 1117 per
1151 1002 1268 1087 inane
1286 1020 1452 1089 meatus.

440 1192 443 1195 ⁴
553 1203 727 1295 Nullum
743 1236 810 1290 ver
825 1182 1019 1318 unquam,
1048 1202 1237 1318 placidive
1251 1202 1390 1289 aestatis
1408 1205 1576 1290 honores

551 1416 660 1496 Arva
677 1411 820 1508 beant;
847 1408 910 1491 sed
928 1406 1045 1490 tristis
1065 1410 1229 1519 Hyems,
1257 1424 1377 1519 atque
1393 1398 1553 1491 horrida
1569 1408 1698 1523 paffim

549 1591 715 1721 Frigora
732 1607 955 1718 longinquo
973 1624 1177 1718 nequeunt
1196 1603 1388 1690 mitescere
1404 1607 1503 1690 Sole.

550 1815 616 1895 Ne
633 1827 768 1893 tamen
792 1826 938 1890 aetemo
955 1807 1109 1916 jaceant
1126 1826 1197 1891 tua
1214 1804 1366 1921 vespere
1386 1814 1538 1922 Regna,

549 2014 636 2095 Sole
654 2004 886 2123 repercussos
906 2008 979 2093 tibi
997 2009 1150 2095 suscitat
1166 2012 1334 2096 Annusus
1350 2008 1472 2123 ignes,

545 2214 878 2327 splendoremque
903 2230 1045 2324 auget:
1072 2200 1173 2324 quin
1191 2210 1271 2325 qui
1288 2230 1334 2297 tu
1352 2238 1510 2327 cunque
1525 2240 1592 2327 per
1610 2223 1712 2297 auras¹
1762 2202 1763 2289 l

399 2513 403 2522 ¹
546 2388 711 2517 Incedis,
737 2420 864 2500 Luuae
883 2413 995 2499 certis
1014 2410 1269 2499 famulantur
1286 2414 1398 2499 eunti

545 2611 774 2716 Ordinibus,
800 2632 999 2727 grataque
1016 2613 1239 2701 ministrant
1256 2644 1422 2747 munera
1438 2610 1546 2704 lucis.

597 2819 684 2902 Nec
696 2843 802 2915 vero,
830 2816 929 2899 dum
947 2772 1117 2902 informe
1135 2818 1226 2929 gelu
1243 2816 1433 2932 tristisque
1452 2818 1596 2905 Pruina

543 3017 726 3101 Cultores
744 3035 906 3117 norunt,
938 3045 1024 3101 non
1041 3016 1096 3103 est
1119 3016 1340 3103 habitabilis
1356 3021 1500 3121 Ardor,

539 3221 624 3301 Aut
636 3215 780 3301 summi
793 3182 996 3329 nequeunt
1014 3214 1136 3303 scetus
1154 3217 1305 3304 nunire
1323 3221 1482 3307 calores.

537 3395 689 3531 Aspice,
716 3396 928 3503 Mercurius
945 3446 1028 3530 qua
1046 3416 1220 3506 fervidus
1241 3448 1315 3505 axe
1346 3420 1466 3507 citato

521 3624 587 3757 'In
603 3620 740 3704 celeres
757 3617 913 3733 ra'p‘itur
932 3648 1062 3734 gyros,
1091 3649 1237 3735 perque
1254 3624 1416 3709 AEthera
1433 3626 1570 3711 callem

536 3820 763 3933 Antiquom
780 3838 953 3921 renovat,
981 3819 1208 3935 fruiturque
1226 3824 1354 3910 aestate
1371 3828 1550 3941 perenni.-

532 4018 741 4105 Pr'oximus
759 4020 861 4105 illius
879 4022 978 4105 dum
996 4024 1059 4107 Sos
1073 4022 1367 4137 superimminet
1384 3998 1486 4129 orlii,

532 4214 766 4331 Vicinosque
783 4222 896 4335 polos
913 4239 1035 4305 torret
1053 4224 1266 4336 Volcanius
1289 4228 1421 4329 ardor,

530 4420 649 4504 Forte
666 4418 760 4505 alias
778 4422 922 4535 fruges,
949 4422 1097 4510 diversa
1114 4426 1300 4513 arrimalia
1318 4428 1458 4531 nutrit,

527 4625 631 4739 Qae
644 4622 779 4711 Tellus
794 4624 925 4730 nescit,
952 4652 1024 4714 uec
1039 4624 1174 4719 mitior
1192 4630 1336 4719 educat
1353 4632 1431 4721 a'e'r.
